@misc{bib:git,
   author = "J. Eliasson and M. Titze",
   title = "{SudokuCSP}",
   year = "2020",
   howpublished = {\url{https://github.com/JonSteinn/SudokuCSP}},
}
 
@article{bib:art,
    author = {I. Miguel and Q. Shen},
    title = {Solution Techniques for Constraint Satisfaction Problems:Foundations},
    journal = {Artificial Intelligence Review},
    volume = {15},
    year = {2001},
    pages = {243â€“267}
}

@article{bib:art2,
    author = {R. Lewis},
    title = {Metaheuristics can Solve Sudoku Puzzles},
    journal = {Journal of Heuristics Archive},
    volume = {13},
    year = {2007},
    pages = {387-401},
    number = {4}
}

@misc{bib:sudoku,
   author = "Wikipedia",
   title = "{Sudoku} --- {W}ikipedia{,} The Free Encyclopedia",
   year = "2020",
   howpublished = {\url{http://en.wikipedia.org/w/index.php?title=Sudoku&oldid=976543552}},
   note = "[Online; accessed 07-September-2020]"
 }
 